@article{Chen::2005,
  title={Improving mass and liquid chromatography based identification of proteins using Bayesian scoring},
  author={Chen, Sharon S and Deutsch, Eric W and Yi, Eugene C and Li, Xiao-jun and Goodlett, David R and Aebersold, Ruedi},
  journal={Journal of proteome research},
  volume={4},
  number={6},
  pages={2174--2184},
  year={2005},
  publisher={ACS Publications}
}

@article{Claassen::2009,
  title={Proteome coverage prediction with infinite Markov models},
  author={Claassen, Manfred and Aebersold, Ruedi and Buhmann, Joachim M},
  journal={Bioinformatics},
  volume={25},
  number={12},
  pages={i154--i160},
  year={2009},
  publisher={Oxford University Press}
}

@article{Lewis::2018,
  title={Peptide refinement by using a stochastic search},
  author={Lewis, Nicole H and Hitchcock, David B and Dryden, Ian L and Rose, John R},
  journal={Journal of the Royal Statistical Society: Series C (Applied Statistics)},
  volume={67},
  number={5},
  pages={1207--1236},
  year={2018},
  publisher={Wiley Online Library}
}

@article{Halloran::2016,
  title={Dynamic bayesian network for accurate detection of peptides from tandem mass spectra},
  author={Halloran, John T and Bilmes, Jeff A and Noble, William S},
  journal={Journal of proteome research},
  volume={15},
  number={8},
  pages={2749--2759},
  year={2016},
  publisher={ACS Publications}
}

@article{Crook::2019,
  title={Fast approximate inference for variable selection in Dirichlet process mixtures, with an application to pan-cancer proteomics},
  author={Crook, Oliver M and Gatto, Laurent and Kirk, Paul DW},
  journal={Statistical applications in genetics and molecular biology},
  volume={18},
  number={6},
  year={2019},
  publisher={De Gruyter}
}

@article{Maity::2020,
  title={Bayesian data integration and variable selection for pan-cancer survival prediction using protein expression data},
  author={Maity, Arnab Kumar and Bhattacharya, Anirban and Mallick, Bani K and Baladandayuthapani, Veerabhadran},
  journal={Biometrics},
  volume={76},
  number={1},
  pages={316--325},
  year={2020},
  publisher={Wiley Online Library}
}

@article{Ni::2019,
  title={Bayesian hierarchical varying-sparsity regression models with application to cancer proteogenomics},
  author={Ni, Yang and Stingo, Francesco C and Ha, Min Jin and Akbani, Rehan and Baladandayuthapani, Veerabhadran},
  journal={Journal of the American Statistical Association},
  volume={114},
  number={525},
  pages={48--60},
  year={2019},
  publisher={Taylor \& Francis}
}

@article{Phillips::2021,
  title={Uncertainty aware protein-level quantification and differential expression analysis of proteomics data with seaMass},
  author={Phillips, Alexander and Unwin, Richard D and Hubbard, Simon and Dowsey, Andrew},
  journal={Statistical methods for proteomics},
  year={2021},
  publisher={Springer}
}

@article{The::2021,
  title={Triqler for MaxQuant: Enhancing Results from MaxQuant by Bayesian Error Propagation and Integration},
  author={The, Matthew and K{\"a}ll, Lukas},
  journal={Journal of proteome research},
  volume={20},
  number={4},
  pages={2062--2068},
  year={2021},
  publisher={ACS Publications}
}

@article{The::2019,
  title={Integrated Identification and Quantification Error Probabilities for Shotgun Proteomics},
  author={The, Matthew and K{\"a}ll, Lukas},
  journal={Molecular {\&} cellular Proteomics},
  volume={18},
  number={3},
  pages={561--570},
  year={2019},
  publisher={ASBMB}
}

@article{Santra::2016,
  title={A Bayesian algorithm for detecting differentially expressed proteins and its application in breast cancer research},
  author={Santra, Tapesh and Delatola, Eleni Ioanna},
  journal={Scientific reports},
  volume={6},
  number={1},
  pages={1--10},
  year={2016},
  publisher={Nature Publishing Group}
}

@article{Peshkin::2019,
  title={Bayesian Confidence Intervals for Multiplexed Proteomics Integrate Ion-statistics with Peptide Quantification Concordance},
  author={Peshkin, Leonid and Gupta, Meera and Ryazanova, Lillia and W{\"u}hr, Martin},
  journal={Molecular {\&} Cellular Proteomics},
  volume={18},
  number={10},
  pages={2108--2120},
  year={2019},
  publisher={ASBMB}
}

@article{Millikin::2020,
  title={A Bayesian Null Interval Hypothesis Test Controls False Discovery Rates and Improves Sensitivity in Label-Free Quantitative Proteomics},
  author={Millikin, Robert J and Shortreed, Michael R and Scalf, Mark and Smith, Lloyd M},
  journal={Journal of proteome research},
  volume={19},
  number={5},
  pages={1975--1981},
  year={2020},
  publisher={ACS Publications}
}

@article{Serang::2013,
  title={Nonparametric Bayesian evaluation of differential protein quantification},
  author={Serang, Oliver and Cansizoglu, A Ertugrul and Käll, Lukas and Steen, Hanno and Steen, Judith A},
  journal={Journal of proteome research},
  volume={12},
  number={10},
  pages={4556--4565},
  year={2013},
  publisher={ACS Publications}
}

@article{OBrien::2018,
  title={Compositional proteomics: Effects of spatial constraints on protein quantification utilizing isobaric tags},
  author={O’Brien, Jonathon J and O’Connell, Jeremy D and Paulo, Joao A and Thakurta, Sanjukta and Rose, Christopher M and Weekes, Michael P and Huttlin, Edward L and Gygi, Steven P},
  journal={Journal of proteome research},
  volume={17},
  number={1},
  pages={590--599},
  year={2018},
  publisher={ACS Publications}
}

@article{Serang::2012,
  title={Recognizing uncertainty increases robustness and reproducibility of mass spectrometry-based protein inferences},
  author={Serang, Oliver and Moruz, Luminita and Hoopmann, Michael R and K{\"a}ll, Lukas},
  journal={Journal of proteome research},
  volume={11},
  number={12},
  pages={5586--5591},
  year={2012},
  publisher={ACS Publications}
}

@article{Carvalho::2011,
  title={Analyzing marginal cases in differential shotgun proteomics},
  author={Carvalho, Paulo C and Fischer, Juliana SG and Perales, Jonas and Yates, John R and Barbosa, Valmir C and Bareinboim, Elias},
  journal={Bioinformatics},
  volume={27},
  number={2},
  pages={275--276},
  year={2011},
  publisher={Oxford University Press}
}

@article{Mallikarun::2020,
  title={BayesENproteomics: Bayesian elastic nets for quantification of peptidoforms in complex samples},
  author={Mallikarjun, Venkatesh and Richardson, Stephen M and Swift, Joe},
  journal={Journal of proteome research},
  volume={19},
  number={6},
  pages={2167--2184},
  year={2020},
  publisher={ACS Publications}
}

@article{Webb::2014,
  title={Bayesian proteoform modeling improves protein quantification of global proteomic measurements},
  author={Webb-Robertson, Bobbie-Jo M and Matzke, Melissa M and Datta, Susmita and Payne, Samuel H and Kang, Jiyun and Bramer, Lisa M and Nicora, Carrie D and Shukla, Anil K and Metz, Thomas O and Rodland, Karin D and others},
  journal={Molecular \& cellular proteomics},
  volume={13},
  number={12},
  pages={3639--3646},
  year={2014},
  publisher={ASBMB}
}

@article{Lim::2017,
  title={Improved method for determining absolute phosphorylation stoichiometry using Bayesian statistics and isobaric labeling},
  author={Lim, Matthew Y and O’Brien, Jonathon and Paulo, Joao A and Gygi, Steven P},
  journal={Journal of proteome research},
  volume={16},
  number={11},
  pages={4217--4226},
  year={2017},
  publisher={ACS Publications}
}

@article{Shteynberg::2019,
  title={PTMProphet: fast and accurate mass modification localization for the trans-proteomic pipeline},
  author={Shteynberg, David D and Deutsch, Eric W and Campbell, David S and Hoopmann, Michael R and Kusebauch, Ulrike and Lee, Dave and Mendoza, Luis and Midha, Mukul K and Sun, Zhi and Whetton, Anthony D and others},
  journal={Journal of proteome research},
  volume={18},
  number={12},
  pages={4262--4272},
  year={2019},
  publisher={ACS Publications}
}

@article{Chung::2013,
  title={Non-parametric Bayesian approach to post-translational modification refinement of predictions from tandem mass spectrometry},
  author={Chung, Clement and Emili, Andrew and Frey, Brendan J},
  journal={Bioinformatics},
  volume={29},
  number={7},
  pages={821--829},
  year={2013},
  publisher={Oxford University Press}
}

@article{Obrien::2018b,
  title={The effects of nonignorable missing data on label-free mass spectrometry proteomics experiments},
  author={O'Brien, Jonathon J and Gunawardena, Harsha P and Paulo, Joao A and Chen, Xian and Ibrahim, Joseph G and Gygi, Steven P and Qaqish, Bahjat F},
  journal={The annals of applied statistics},
  volume={12},
  number={4},
  pages={2075},
  year={2018},
  publisher={NIH Public Access}
}
